%Golang

@article{pike2009go,
  title={The go programming language},
  author={Pike, Rob},
  journal={Talk given at Google's Tech Talks},
  year={2009}
}

@article{Merkel:2014:DLL:2600239.2600241,
 author = {Merkel, Dirk},
 title = {Docker: Lightweight Linux Containers for Consistent Development and Deployment},
 journal = {Linux J.},
 issue_date = {March 2014},
 volume = {2014},
 number = {239},
 month = mar,
 year = {2014},
 issn = {1075-3583},
 articleno = {2},
 url = {http://dl.acm.org/citation.cfm?id=2600239.2600241},
 acmid = {2600241},
 publisher = {Belltown Media},
 address = {Houston, TX},
} 

@book{donovan2015go,
  title={The Go programming language},
  author={Donovan, Alan AA and Kernighan, Brian W},
  year={2015},
  publisher={Addison-Wesley Professional}
}

@inproceedings{Pike:2012:GG:2384716.2384720,
 author = {Pike, Rob},
 title = {Go at Google},
 booktitle = {Proceedings of the 3rd Annual Conference on Systems, Programming, and Applications: Software for Humanity},
 series = {SPLASH '12},
 year = {2012},
 isbn = {978-1-4503-1563-0},
 location = {Tucson, Arizona, USA},
 pages = {5--6},
 numpages = {2},
 url = {http://doi.acm.org/10.1145/2384716.2384720},
 doi = {10.1145/2384716.2384720},
 acmid = {2384720},
 publisher = {ACM},
 address = {New York, NY, USA},
 keywords = {composition, concurrency, go, programming in the large},
} 

%% Containers

@INPROCEEDINGS{containerVsHyper,
author={R. Dua and A. R. Raja and D. Kakadia},
booktitle={2014 IEEE International Conference on Cloud Engineering},
title={Virtualization vs Containerization to Support PaaS},
year={2014},
volume={},
number={},
pages={610-614},
keywords={Linux;cloud computing;virtual machines;virtualisation;Docker;FileSystem;IaaSlayer;Linux Container implementation;Namespace isolation;OpenVZ;PaaS vendors;Warden Container;container based PaaS architectures;container implementations;container lifecycle management;containerization;hosting Apps;lmctfy;virtual machines;virtualization;Containers;File systems;Kernel;Linux;Resource management;Security;Virtual machining;container;paas;virtualization},
doi={10.1109/IC2E.2014.41},
ISSN={},
month={March},}

@ARTICLE{fromLXCtoKubernetes,
author={D. Bernstein},
journal={IEEE Cloud Computing},
title={Containers and Cloud: From LXC to Docker to Kubernetes},
year={2014},
volume={1},
number={3},
pages={81-84},
keywords={Cloud computing;Containers;Google;Home appliances;Linux;Runtime;Virtual machine monitors;cloud;containers;dockers;virtual machines},
doi={10.1109/MCC.2014.51},
ISSN={2325-6095},
month={Sept},}

@INPROCEEDINGS{ContainersComparison,
author={Á. Kovács},
booktitle={2017 40th International Conference on Telecommunications and Signal Processing (TSP)},
title={Comparison of different Linux containers},
year={2017},
volume={},
number={},
pages={47-51},
keywords={Linux;parallel processing;virtual machines;virtualisation;HPC systems container usage;Linux containers;Linux standard virtualization;Singularity container system;containerization;industry standard measurement;network performance;power computing;Benchmark testing;Containers;Kernel;Linux;Standards;Virtual machining;Virtualization;Benchmark;Computing;Container;Docker;LXC;Linux;Network;Singularity},
doi={10.1109/TSP.2017.8075934},
ISSN={},
month={July},}

@TechReport{Raft-UCAM-CL-TR-857,
  author =	 {Howard, Heidi},
  title = 	 {{ARC: Analysis of Raft Consensus}},
  year = 	 2014,
  month = 	 jul,
  url = 	 {http://www.cl.cam.ac.uk/techreports/UCAM-CL-TR-857.pdf},
  institution =  {University of Cambridge, Computer Laboratory},
  number = 	 {UCAM-CL-TR-857}
}

% ElasticSearch

@article{divya2013elasticsearch,
  title={ElasticSearch: An advanced and quick search technique to handle voluminous data},
  author={Divya, Manda Sai and Goyal, Shiv Kumar},
  journal={Compusoft},
  volume={2},
  number={6},
  pages={171},
  year={2013},
  publisher={COMPUSOFT, An International Journal of Advanced Computer Technology}
}